
      <record>
         <leader>00000nz  a2200169   4500</leader>
         <controlfield tag="001">30077366</controlfield>
         <controlfield tag="003">RISM</controlfield>
         <controlfield tag="005">20160216</controlfield>
         <controlfield tag="008">160216n||az|||||||##########||||||||||||</controlfield>
         <datafield tag="040" ind1=" " ind2=" ">
            <subfield code="a">P-ARRam</subfield>
         </datafield>
         <datafield tag="043" ind1=" " ind2=" ">
            <subfield code="c">PT</subfield>
         </datafield>
         <datafield tag="110" ind1="2" ind2=" ">
            <subfield code="a">Arquivo Histórico e Municipal</subfield>
            <subfield code="c">Arraiolos</subfield>
            <subfield code="g">P-ARRam</subfield>
         </datafield>
         <datafield tag="622" ind1=" " ind2=" ">
            <subfield code="e">Arquivo Histórico e Municipal, Biblioteca Municipal, Praça da República, 7040-026  Arraiolos, Portugal</subfield>
            <subfield code="u">http://www.cm-arraiolos.pt/biblioteca-arraiolos/visita_virtual/arquivo_historico.htm</subfield>
         </datafield>
      </record>