
      <record>
         <leader>00000nz  a2200169   4500</leader>
         <controlfield tag="001">30077369</controlfield>
         <controlfield tag="003">RISM</controlfield>
         <controlfield tag="005">20160216</controlfield>
         <controlfield tag="008">160216n||az|||||||##########||||||||||||</controlfield>
         <datafield tag="040" ind1=" " ind2=" ">
            <subfield code="a">P-BRam</subfield>
         </datafield>
         <datafield tag="043" ind1=" " ind2=" ">
            <subfield code="c">PT</subfield>
         </datafield>
         <datafield tag="110" ind1="2" ind2=" ">
            <subfield code="a">Arquivo Municipal</subfield>
            <subfield code="c">Braga</subfield>
            <subfield code="g">P-BRam</subfield>
         </datafield>
         <datafield tag="622" ind1=" " ind2=" ">
            <subfield code="e">Arquivo Municipal, Praça do Município, 4700-435  Braga, Portugal</subfield>
            <subfield code="u">http://www.cm-braga.pt/wps/portal/publico/!ut/p/c5/04_SB8K8xLLM9MSSzPy8xBz9CP0os_gAN0evQE8zH09TEzPnMBMTH18DKADKR2LKB3vC5fHr9vPIz03VL8iNKAcABsS5xA!!/dl3/d3/L3dDb0EvUU5RTGtBISEvWUZSdndBISEvNl9QRkFKUUk2TEk1NDZDVjQ0M1MxMDAwMDAwMA!!/</subfield>
         </datafield>
      </record>