
      <record>
         <leader>00000nz  a2200169   4500</leader>
         <controlfield tag="001">30003135</controlfield>
         <controlfield tag="003">RISM</controlfield>
         <controlfield tag="005">20160216</controlfield>
         <controlfield tag="008">160216n||az|||||||##########||||||||||||</controlfield>
         <datafield tag="040" ind1=" " ind2=" ">
            <subfield code="a">P-BRp</subfield>
         </datafield>
         <datafield tag="043" ind1=" " ind2=" ">
            <subfield code="c">XA-PT</subfield>
         </datafield>
         <datafield tag="110" ind1="2" ind2=" ">
            <subfield code="a">Biblioteca Pública</subfield>
            <subfield code="c">Braga</subfield>
            <subfield code="g">P-BRp</subfield>
         </datafield>
         <datafield tag="410" ind1="2" ind2=" ">
            <subfield code="a">Biblioteca Pública e Arquivo Distrital</subfield>
         </datafield>
         <datafield tag="622" ind1=" " ind2=" ">
            <subfield code="e">Biblioteca Pública, Universidade do Minho, Largo do Paço, 4704-553 Braga, Portugal</subfield>
            <subfield code="u">http://www.bpb.uminho.pt/</subfield>
         </datafield>
      </record>