
      <record>
         <leader>00000nz  a2200169   4500</leader>
         <controlfield tag="001">30079342</controlfield>
         <controlfield tag="003">RISM</controlfield>
         <controlfield tag="005">20160216</controlfield>
         <controlfield tag="008">160216n||az|||||||##########||||||||||||</controlfield>
         <datafield tag="040" ind1=" " ind2=" ">
            <subfield code="a">P-BRsc</subfield>
         </datafield>
         <datafield tag="043" ind1=" " ind2=" ">
            <subfield code="c">PT</subfield>
         </datafield>
         <datafield tag="110" ind1="2" ind2=" ">
            <subfield code="a">Seminário Conciliar de S. Pedro e S. Paulo, Arquivo</subfield>
            <subfield code="c">Braga</subfield>
            <subfield code="g">P-BRsc</subfield>
         </datafield>
         <datafield tag="622" ind1=" " ind2=" ">
            <subfield code="e">Seminário Conciliar de S. Pedro e S.,  Paulo, Arquivo, Campo de Santiago, 47, 4704-532 Braga, Portugal</subfield>
            <subfield code="u">http://www.fazsentido.com.pt</subfield>
         </datafield>
      </record>