
      <record>
         <leader>00000nz  a2200169   4500</leader>
         <controlfield tag="001">30003565</controlfield>
         <controlfield tag="003">RISM</controlfield>
         <controlfield tag="005">20160216</controlfield>
         <controlfield tag="008">160216n||az|||||||##########||||||||||||</controlfield>
         <datafield tag="040" ind1=" " ind2=" ">
            <subfield code="a">P-CA</subfield>
         </datafield>
         <datafield tag="043" ind1=" " ind2=" ">
            <subfield code="c">XA-PT</subfield>
         </datafield>
         <datafield tag="110" ind1="2" ind2=" ">
            <subfield code="a">Museu-Biblioteca Condes de Castro Guimarães</subfield>
            <subfield code="c">Cascais</subfield>
            <subfield code="g">P-CA</subfield>
         </datafield>
         <datafield tag="622" ind1=" " ind2=" ">
            <subfield code="e">Museu-Biblioteca Condes de Castro,  Guimarães, Santa Marta, 2750 Cascais, Portugal</subfield>
         </datafield>
      </record>