
      <record>
         <leader>00000nz  a2200169   4500</leader>
         <controlfield tag="001">30077370</controlfield>
         <controlfield tag="003">RISM</controlfield>
         <controlfield tag="005">20160216</controlfield>
         <controlfield tag="008">160216n||az|||||||##########||||||||||||</controlfield>
         <datafield tag="040" ind1=" " ind2=" ">
            <subfield code="a">P-Csc</subfield>
         </datafield>
         <datafield tag="043" ind1=" " ind2=" ">
            <subfield code="c">PT</subfield>
         </datafield>
         <datafield tag="110" ind1="2" ind2=" ">
            <subfield code="a">Santa Casa da Misericórdia, Arquivo</subfield>
            <subfield code="c">Coimbra</subfield>
            <subfield code="g">P-Csc</subfield>
         </datafield>
         <datafield tag="622" ind1=" " ind2=" ">
            <subfield code="e">Santa Casa da Misericórdia, Arquivo, Rua dos Coutinhos, 26-32, 3000-129  Coimbra, Portugal</subfield>
            <subfield code="u">http://www.misericordiacoimbra.pt</subfield>
         </datafield>
      </record>