
      <record>
         <leader>00000nz  a2200169   4500</leader>
         <controlfield tag="001">30002053</controlfield>
         <controlfield tag="003">RISM</controlfield>
         <controlfield tag="005">20160216</controlfield>
         <controlfield tag="008">160216n||az|||||||##########||||||||||||</controlfield>
         <datafield tag="040" ind1=" " ind2=" ">
            <subfield code="a">P-Cug</subfield>
         </datafield>
         <datafield tag="043" ind1=" " ind2=" ">
            <subfield code="c">XA-PT</subfield>
         </datafield>
         <datafield tag="110" ind1="2" ind2=" ">
            <subfield code="a">Biblioteca Geral da Universidade</subfield>
            <subfield code="c">Coimbra</subfield>
            <subfield code="g">P-Cug</subfield>
         </datafield>
         <datafield tag="622" ind1=" " ind2=" ">
            <subfield code="e">Biblioteca Geral da Universidade, Largo da Porta Férrea, 3000-447 Coimbra, Portugal</subfield>
            <subfield code="u">http://www.uc.pt/bguc/</subfield>
         </datafield>
      </record>