
      <record>
         <leader>00000nz  a2200169   4500</leader>
         <controlfield tag="001">30003564</controlfield>
         <controlfield tag="003">RISM</controlfield>
         <controlfield tag="005">20160216</controlfield>
         <controlfield tag="008">160216n||az|||||||##########||||||||||||</controlfield>
         <datafield tag="040" ind1=" " ind2=" ">
            <subfield code="a">P-Cul</subfield>
         </datafield>
         <datafield tag="043" ind1=" " ind2=" ">
            <subfield code="c">XA-PT</subfield>
         </datafield>
         <datafield tag="110" ind1="2" ind2=" ">
            <subfield code="a">Faculdade de Letras da Universidade</subfield>
            <subfield code="c">Coimbra</subfield>
            <subfield code="g">P-Cul</subfield>
         </datafield>
         <datafield tag="622" ind1=" " ind2=" ">
            <subfield code="e">Faculdade de Letras da Universidade, Praça Porta Férrea, 3000 Coimbra, Portugal</subfield>
         </datafield>
      </record>