
      <record>
         <leader>00000nz  a2200169   4500</leader>
         <controlfield tag="001">30002054</controlfield>
         <controlfield tag="003">RISM</controlfield>
         <controlfield tag="005">20160216</controlfield>
         <controlfield tag="008">160216n||az|||||||##########||||||||||||</controlfield>
         <datafield tag="040" ind1=" " ind2=" ">
            <subfield code="a">P-Em</subfield>
         </datafield>
         <datafield tag="043" ind1=" " ind2=" ">
            <subfield code="c">XA-PT</subfield>
         </datafield>
         <datafield tag="110" ind1="2" ind2=" ">
            <subfield code="a">Biblioteca Municipal e Arquivo Municipal</subfield>
            <subfield code="c">Elvas</subfield>
            <subfield code="g">P-Em</subfield>
         </datafield>
         <datafield tag="410" ind1="2" ind2=" ">
            <subfield code="a">Biblioteca Públia Horténsia</subfield>
         </datafield>
         <datafield tag="622" ind1=" " ind2=" ">
            <subfield code="e">Biblioteca Municipal e Arquivo Municipal, Museu Arqueológico e Etnológico; Rua, dos Apóstolos, P-7350 Elvas</subfield>
         </datafield>
      </record>