
      <record>
         <leader>00000nz  a2200169   4500</leader>
         <controlfield tag="001">30077372</controlfield>
         <controlfield tag="003">RISM</controlfield>
         <controlfield tag="005">20160216</controlfield>
         <controlfield tag="008">160216n||az|||||||##########||||||||||||</controlfield>
         <datafield tag="040" ind1=" " ind2=" ">
            <subfield code="a">P-ESam</subfield>
         </datafield>
         <datafield tag="043" ind1=" " ind2=" ">
            <subfield code="c">PT</subfield>
         </datafield>
         <datafield tag="110" ind1="2" ind2=" ">
            <subfield code="a">Arquivo Municipal</subfield>
            <subfield code="c">Estremoz</subfield>
            <subfield code="g">P-ESam</subfield>
         </datafield>
         <datafield tag="622" ind1=" " ind2=" ">
            <subfield code="e">Arquivo Municipal, Centro Cultural Dr. Marques Crespo, Rua Bento Jesus Caraça, 7100-104  Estremoz, Portugal</subfield>
            <subfield code="u">http://www.cm-estremoz.pt/index.php?it=196&amp;lang=1</subfield>
         </datafield>
      </record>