
      <record>
         <leader>00000nz  a2200169   4500</leader>
         <controlfield tag="001">30003566</controlfield>
         <controlfield tag="003">RISM</controlfield>
         <controlfield tag="005">20160216</controlfield>
         <controlfield tag="008">160216n||az|||||||##########||||||||||||</controlfield>
         <datafield tag="040" ind1=" " ind2=" ">
            <subfield code="a">P-F</subfield>
         </datafield>
         <datafield tag="043" ind1=" " ind2=" ">
            <subfield code="c">XA-PT</subfield>
         </datafield>
         <datafield tag="110" ind1="2" ind2=" ">
            <subfield code="a">Biblioteca Pública Municipal Pedro Fernandes Tomás</subfield>
            <subfield code="c">Figueira da Foz</subfield>
            <subfield code="g">P-F</subfield>
         </datafield>
         <datafield tag="622" ind1=" " ind2=" ">
            <subfield code="e">Biblioteca Pública Municipal Pedro, Fernandes Tomás, Rua Calouste Gulbenkian, 3080-084 Figueira da Foz, Portugal</subfield>
            <subfield code="u">http://www.figueiradigital.com/?zona=60&amp;mid=2</subfield>
         </datafield>
      </record>