
      <record>
         <leader>00000nz  a2200169   4500</leader>
         <controlfield tag="001">30006256</controlfield>
         <controlfield tag="003">RISM</controlfield>
         <controlfield tag="005">20160216</controlfield>
         <controlfield tag="008">160216n||az|||||||##########||||||||||||</controlfield>
         <datafield tag="040" ind1=" " ind2=" ">
            <subfield code="a">P-FAad</subfield>
         </datafield>
         <datafield tag="043" ind1=" " ind2=" ">
            <subfield code="c">XA-PT</subfield>
         </datafield>
         <datafield tag="110" ind1="2" ind2=" ">
            <subfield code="a">Arquivo Distrital</subfield>
            <subfield code="c">Faro</subfield>
            <subfield code="g">P-FAad</subfield>
         </datafield>
         <datafield tag="622" ind1=" " ind2=" ">
            <subfield code="e">Arquivo Distrital, Rua Coronel António dos Santos Fonseca, 8000-257 Faro, Portugal</subfield>
            <subfield code="u">http://adfaro.algarvedigital.pt/</subfield>
         </datafield>
      </record>