
      <record>
         <leader>00000nz  a2200169   4500</leader>
         <controlfield tag="001">30003843</controlfield>
         <controlfield tag="003">RISM</controlfield>
         <controlfield tag="005">20160216</controlfield>
         <controlfield tag="008">160216n||az|||||||##########||||||||||||</controlfield>
         <datafield tag="040" ind1=" " ind2=" ">
            <subfield code="a">P-FAs</subfield>
         </datafield>
         <datafield tag="043" ind1=" " ind2=" ">
            <subfield code="c">XA-PT</subfield>
         </datafield>
         <datafield tag="110" ind1="2" ind2=" ">
            <subfield code="a">Seminário Episcopal de S. José do Algarve</subfield>
            <subfield code="c">Faro</subfield>
            <subfield code="g">P-FAs</subfield>
         </datafield>
         <datafield tag="622" ind1=" " ind2=" ">
            <subfield code="e">Seminário Episcopal de S. José do,  Algarve, Largo da Sé, 21, 8000-138 Faro, Portugal</subfield>
         </datafield>
      </record>