
      <record>
         <leader>00000nz  a2200169   4500</leader>
         <controlfield tag="001">30003567</controlfield>
         <controlfield tag="003">RISM</controlfield>
         <controlfield tag="005">20160216</controlfield>
         <controlfield tag="008">160216n||az|||||||##########||||||||||||</controlfield>
         <datafield tag="040" ind1=" " ind2=" ">
            <subfield code="a">P-G</subfield>
         </datafield>
         <datafield tag="043" ind1=" " ind2=" ">
            <subfield code="c">XA-PT</subfield>
         </datafield>
         <datafield tag="110" ind1="2" ind2=" ">
            <subfield code="a">Arquivo Municipal Alfredo Pimenta</subfield>
            <subfield code="c">Guimarães</subfield>
            <subfield code="g">P-G</subfield>
         </datafield>
         <datafield tag="622" ind1=" " ind2=" ">
            <subfield code="e">Arquivo Municipal Alfredo Pimenta, Rua João Lopes de Faria, n.º 12, 4810-414 Guimarães, Portugal</subfield>
            <subfield code="u">http://www.csarmento.uminho.pt/amap.asp</subfield>
         </datafield>
      </record>