
      <record>
         <leader>00000nz  a2200169   4500</leader>
         <controlfield tag="001">30077373</controlfield>
         <controlfield tag="003">RISM</controlfield>
         <controlfield tag="005">20160216</controlfield>
         <controlfield tag="008">160216n||az|||||||##########||||||||||||</controlfield>
         <datafield tag="040" ind1=" " ind2=" ">
            <subfield code="a">P-Gmas</subfield>
         </datafield>
         <datafield tag="043" ind1=" " ind2=" ">
            <subfield code="c">PT</subfield>
         </datafield>
         <datafield tag="110" ind1="2" ind2=" ">
            <subfield code="a">Museu de Alberto Sampaio</subfield>
            <subfield code="c">Guimarães</subfield>
            <subfield code="g">P-Gmas</subfield>
         </datafield>
         <datafield tag="622" ind1=" " ind2=" ">
            <subfield code="e">Museu de Alberto Sampaio, Rua Alfredo Guimarães, 4800-407  Guimarães, Portugal</subfield>
         </datafield>
      </record>