
      <record>
         <leader>00000nz  a2200169   4500</leader>
         <controlfield tag="001">30077891</controlfield>
         <controlfield tag="003">RISM</controlfield>
         <controlfield tag="005">20160216</controlfield>
         <controlfield tag="008">160216n||az|||||||##########||||||||||||</controlfield>
         <datafield tag="040" ind1=" " ind2=" ">
            <subfield code="a">P-Gpda</subfield>
         </datafield>
         <datafield tag="043" ind1=" " ind2=" ">
            <subfield code="c">PT</subfield>
         </datafield>
         <datafield tag="110" ind1="2" ind2=" ">
            <subfield code="a">Paço dos Duques, Arquivo</subfield>
            <subfield code="c">Guimarães</subfield>
            <subfield code="g">P-Gpda</subfield>
         </datafield>
         <datafield tag="622" ind1=" " ind2=" ">
            <subfield code="e">Paço dos Duques, Arquivo, Rua Conde D. Henrique, 4810-245 Guimarães, Portugal</subfield>
            <subfield code="u">http://pduques.imc-ip.pt/</subfield>
         </datafield>
      </record>