
      <record>
         <leader>00000nz  a2200169   4500</leader>
         <controlfield tag="001">30077371</controlfield>
         <controlfield tag="003">RISM</controlfield>
         <controlfield tag="005">20160216</controlfield>
         <controlfield tag="008">160216n||az|||||||##########||||||||||||</controlfield>
         <datafield tag="040" ind1=" " ind2=" ">
            <subfield code="a">P-Gsc</subfield>
         </datafield>
         <datafield tag="043" ind1=" " ind2=" ">
            <subfield code="c">PT</subfield>
         </datafield>
         <datafield tag="110" ind1="2" ind2=" ">
            <subfield code="a">Santa Casa da Misericórdia, Arquivo</subfield>
            <subfield code="c">Guimarães</subfield>
            <subfield code="g">P-Gsc</subfield>
         </datafield>
         <datafield tag="622" ind1=" " ind2=" ">
            <subfield code="e">Santa Casa da Misericórdia, Arquivo, Rua da Rainha D. Maria II, 48 – 2.º, 4800-431  Guimarães, Portugal</subfield>
            <subfield code="u">http://www.scmguimaraes.com</subfield>
         </datafield>
      </record>