
      <record>
         <leader>00000nz  a2200169   4500</leader>
         <controlfield tag="001">30002057</controlfield>
         <controlfield tag="003">RISM</controlfield>
         <controlfield tag="005">20160216</controlfield>
         <controlfield tag="008">160216n||az|||||||##########||||||||||||</controlfield>
         <datafield tag="040" ind1=" " ind2=" ">
            <subfield code="a">P-La</subfield>
         </datafield>
         <datafield tag="043" ind1=" " ind2=" ">
            <subfield code="c">XA-PT</subfield>
         </datafield>
         <datafield tag="110" ind1="2" ind2=" ">
            <subfield code="a">Biblioteca do Palácio Nacional da Ajuda</subfield>
            <subfield code="c">Lisboa</subfield>
            <subfield code="g">P-La</subfield>
         </datafield>
         <datafield tag="622" ind1=" " ind2=" ">
            <subfield code="e">Biblioteca do Palácio Nacional da Ajuda, Calçada da Ajuda, 1300 Lisboa, Portugal</subfield>
         </datafield>
      </record>