
      <record>
         <leader>00000nz  a2200169   4500</leader>
         <controlfield tag="001">30003568</controlfield>
         <controlfield tag="003">RISM</controlfield>
         <controlfield tag="005">20160216</controlfield>
         <controlfield tag="008">160216n||az|||||||##########||||||||||||</controlfield>
         <datafield tag="040" ind1=" " ind2=" ">
            <subfield code="a">P-Laa</subfield>
         </datafield>
         <datafield tag="043" ind1=" " ind2=" ">
            <subfield code="c">XA-PT</subfield>
         </datafield>
         <datafield tag="110" ind1="2" ind2=" ">
            <subfield code="a">Academia dos Amadores de Música</subfield>
            <subfield code="c">Lisboa</subfield>
            <subfield code="g">P-Laa</subfield>
         </datafield>
         <datafield tag="410" ind1="2" ind2=" ">
            <subfield code="a">Conservatorio Municipal</subfield>
         </datafield>
         <datafield tag="622" ind1=" " ind2=" ">
            <subfield code="e">Academia dos Amadores de Música, Rua Nova do Trinidade, 18, 2.o, Lisboa, Portugal</subfield>
         </datafield>
      </record>