
      <record>
         <leader>00000nz  a2200169   4500</leader>
         <controlfield tag="001">30002058</controlfield>
         <controlfield tag="003">RISM</controlfield>
         <controlfield tag="005">20160216</controlfield>
         <controlfield tag="008">160216n||az|||||||##########||||||||||||</controlfield>
         <datafield tag="040" ind1=" " ind2=" ">
            <subfield code="a">P-Lac</subfield>
         </datafield>
         <datafield tag="043" ind1=" " ind2=" ">
            <subfield code="c">XA-PT</subfield>
         </datafield>
         <datafield tag="110" ind1="2" ind2=" ">
            <subfield code="a">Academia das Ciências, Biblioteca</subfield>
            <subfield code="c">Lisboa</subfield>
            <subfield code="g">P-Lac</subfield>
         </datafield>
         <datafield tag="622" ind1=" " ind2=" ">
            <subfield code="e">Academia das Ciências, Biblioteca, Rua Academia das Ciências de Lisboa, 19, 1200 Lisboa, Portugal</subfield>
         </datafield>
      </record>