
      <record>
         <leader>00000nz  a2200169   4500</leader>
         <controlfield tag="001">30077132</controlfield>
         <controlfield tag="003">RISM</controlfield>
         <controlfield tag="005">20160216</controlfield>
         <controlfield tag="008">160216n||az|||||||##########||||||||||||</controlfield>
         <datafield tag="040" ind1=" " ind2=" ">
            <subfield code="a">P-LAmad</subfield>
         </datafield>
         <datafield tag="043" ind1=" " ind2=" ">
            <subfield code="c">XA-PT</subfield>
         </datafield>
         <datafield tag="110" ind1="2" ind2=" ">
            <subfield code="a">Museu e Arquivo Diocesanos</subfield>
            <subfield code="c">Lamego</subfield>
            <subfield code="g">P-LAmad</subfield>
         </datafield>
         <datafield tag="622" ind1=" " ind2=" ">
            <subfield code="e">Museu e Arquivo Diocesanos, Largo da Sé, 5100 Lamego, Portugal</subfield>
         </datafield>
      </record>