
      <record>
         <leader>00000nz  a2200169   4500</leader>
         <controlfield tag="001">30078936</controlfield>
         <controlfield tag="003">RISM</controlfield>
         <controlfield tag="005">20160216</controlfield>
         <controlfield tag="008">160216n||az|||||||##########||||||||||||</controlfield>
         <datafield tag="040" ind1=" " ind2=" ">
            <subfield code="a">P-Lbof</subfield>
         </datafield>
         <datafield tag="043" ind1=" " ind2=" ">
            <subfield code="c">PT</subfield>
         </datafield>
         <datafield tag="110" ind1="2" ind2=" ">
            <subfield code="a">Biblioteca da Ordem Franciscana</subfield>
            <subfield code="c">Lisboa</subfield>
            <subfield code="g">P-Lbof</subfield>
         </datafield>
         <datafield tag="622" ind1=" " ind2=" ">
            <subfield code="e">Biblioteca da Ordem Franciscana, Convento da Imaculada Conceição, Largo da Luz, 11, 1600-498 Lisboa, Portugal</subfield>
            <subfield code="u">http://itinerarium.ofm.org.pt/</subfield>
         </datafield>
      </record>