
      <record>
         <leader>00000nz  a2200169   4500</leader>
         <controlfield tag="001">30003136</controlfield>
         <controlfield tag="003">RISM</controlfield>
         <controlfield tag="005">20160216</controlfield>
         <controlfield tag="008">160216n||az|||||||##########||||||||||||</controlfield>
         <datafield tag="040" ind1=" " ind2=" ">
            <subfield code="a">P-Lc</subfield>
         </datafield>
         <datafield tag="043" ind1=" " ind2=" ">
            <subfield code="c">XA-PT</subfield>
         </datafield>
         <datafield tag="110" ind1="2" ind2=" ">
            <subfield code="a">Escola de Música do Conservatório Nacional, Biblioteca</subfield>
            <subfield code="c">Lisboa</subfield>
            <subfield code="g">P-Lc</subfield>
         </datafield>
         <datafield tag="622" ind1=" " ind2=" ">
            <subfield code="e">Escola de Música do Conservatório,  Nacional, Biblioteca, Rua dos Caetanos 29, 1200 Lisboa, Portugal</subfield>
         </datafield>
      </record>