
      <record>
         <leader>00000nz  a2200169   4500</leader>
         <controlfield tag="001">30003570</controlfield>
         <controlfield tag="003">RISM</controlfield>
         <controlfield tag="005">20160216</controlfield>
         <controlfield tag="008">160216n||az|||||||##########||||||||||||</controlfield>
         <datafield tag="040" ind1=" " ind2=" ">
            <subfield code="a">P-Lif</subfield>
         </datafield>
         <datafield tag="043" ind1=" " ind2=" ">
            <subfield code="c">XA-PT</subfield>
         </datafield>
         <datafield tag="110" ind1="2" ind2=" ">
            <subfield code="a">Institut Franco-Portugais</subfield>
            <subfield code="c">Lisboa</subfield>
            <subfield code="g">P-Lif</subfield>
         </datafield>
         <datafield tag="622" ind1=" " ind2=" ">
            <subfield code="e">Institut Franco-Portugais, Av. Luís Bívar 91, 1000 Lisboa, Portugal</subfield>
         </datafield>
      </record>