
      <record>
         <leader>00000nz  a2200169   4500</leader>
         <controlfield tag="001">30002060</controlfield>
         <controlfield tag="003">RISM</controlfield>
         <controlfield tag="005">20160216</controlfield>
         <controlfield tag="008">160216n||az|||||||##########||||||||||||</controlfield>
         <datafield tag="040" ind1=" " ind2=" ">
            <subfield code="a">P-Ln</subfield>
         </datafield>
         <datafield tag="043" ind1=" " ind2=" ">
            <subfield code="c">XA-PT</subfield>
         </datafield>
         <datafield tag="110" ind1="2" ind2=" ">
            <subfield code="a">Biblioteca Nacional de Portugal</subfield>
            <subfield code="c">Lisboa</subfield>
            <subfield code="g">P-Ln</subfield>
         </datafield>
         <datafield tag="410" ind1="2" ind2=" ">
            <subfield code="a">Instituto da Biblioteca Nacional e do Livro</subfield>
         </datafield>
         <datafield tag="410" ind1="2" ind2=" ">
            <subfield code="a">Real Biblioteca Pública da Corte e Reino</subfield>
         </datafield>
         <datafield tag="622" ind1=" " ind2=" ">
            <subfield code="e">Biblioteca Nacional de Portugal, Campo Grande 83, 1749-081 Lisboa, Portugal</subfield>
            <subfield code="u">http://www.bn.pt/</subfield>
         </datafield>
      </record>