
      <record>
         <leader>00000nz  a2200169   4500</leader>
         <controlfield tag="001">30006265</controlfield>
         <controlfield tag="003">RISM</controlfield>
         <controlfield tag="005">20160216</controlfield>
         <controlfield tag="008">160216n||az|||||||##########||||||||||||</controlfield>
         <datafield tag="040" ind1=" " ind2=" ">
            <subfield code="a">P-Luc</subfield>
         </datafield>
         <datafield tag="043" ind1=" " ind2=" ">
            <subfield code="c">XA-PT</subfield>
         </datafield>
         <datafield tag="110" ind1="2" ind2=" ">
            <subfield code="a">Universidade Nova, Faculdade de Ciências Sociais e Humanas, Centro de Estudos de Sociologia e Estética Musical (CESEM)</subfield>
            <subfield code="c">Lisboa</subfield>
            <subfield code="g">P-Luc</subfield>
         </datafield>
      </record>