
      <record>
         <leader>00000nz  a2200169   4500</leader>
         <controlfield tag="001">30079924</controlfield>
         <controlfield tag="003">RISM</controlfield>
         <controlfield tag="005">20160216</controlfield>
         <controlfield tag="008">160216n||az|||||||##########||||||||||||</controlfield>
         <datafield tag="040" ind1=" " ind2=" ">
            <subfield code="a">P-MAbm</subfield>
         </datafield>
         <datafield tag="043" ind1=" " ind2=" ">
            <subfield code="c">PT</subfield>
         </datafield>
         <datafield tag="110" ind1="2" ind2=" ">
            <subfield code="a">Biblioteca Municipal Florbela Espanca</subfield>
            <subfield code="c">Matosinhos</subfield>
            <subfield code="g">P-MAbm</subfield>
         </datafield>
         <datafield tag="622" ind1=" " ind2=" ">
            <subfield code="e">Biblioteca Municipal Florbela Espanca, Rua de Alfredo Cunha, 4450-519 Matosinhos, Portugal</subfield>
            <subfield code="u">http://bmfe.cm-matosinhos.pt/</subfield>
         </datafield>
      </record>