
      <record>
         <leader>00000nz  a2200169   4500</leader>
         <controlfield tag="001">30077376</controlfield>
         <controlfield tag="003">RISM</controlfield>
         <controlfield tag="005">20160216</controlfield>
         <controlfield tag="008">160216n||az|||||||##########||||||||||||</controlfield>
         <datafield tag="040" ind1=" " ind2=" ">
            <subfield code="a">P-MNam</subfield>
         </datafield>
         <datafield tag="043" ind1=" " ind2=" ">
            <subfield code="c">PT</subfield>
         </datafield>
         <datafield tag="110" ind1="2" ind2=" ">
            <subfield code="a">Arquivo Municipal</subfield>
            <subfield code="c">Montemor-o-Novo</subfield>
            <subfield code="g">P-MNam</subfield>
         </datafield>
         <datafield tag="622" ind1=" " ind2=" ">
            <subfield code="e">Arquivo Municipal, Largo de S. Francisco, 7050-160   Montemor-o-Novo, Portugal</subfield>
            <subfield code="u">http://www.cm-montemornovo.pt/pt/conteudos/municipio/equipamentos%20municipais/Arquivo%20Municipal.htm</subfield>
         </datafield>
      </record>