
      <record>
         <leader>00000nz  a2200169   4500</leader>
         <controlfield tag="001">30077375</controlfield>
         <controlfield tag="003">RISM</controlfield>
         <controlfield tag="005">20160216</controlfield>
         <controlfield tag="008">160216n||az|||||||##########||||||||||||</controlfield>
         <datafield tag="040" ind1=" " ind2=" ">
            <subfield code="a">P-MONam</subfield>
         </datafield>
         <datafield tag="043" ind1=" " ind2=" ">
            <subfield code="c">PT</subfield>
         </datafield>
         <datafield tag="110" ind1="2" ind2=" ">
            <subfield code="a">Arquivo Histórico e Municipal</subfield>
            <subfield code="c">Torre de Moncorvo</subfield>
            <subfield code="g">P-MONam</subfield>
         </datafield>
         <datafield tag="622" ind1=" " ind2=" ">
            <subfield code="e">Arquivo Histórico e Municipal, Rua Infante Dom Henrique, 11, 5160-286  Torre de Moncorvo, Portugal</subfield>
            <subfield code="u">http://www.torredemoncorvo.pt/biblioteca-municipal</subfield>
         </datafield>
      </record>