
      <record>
         <leader>00000nz  a2200169   4500</leader>
         <controlfield tag="001">30002062</controlfield>
         <controlfield tag="003">RISM</controlfield>
         <controlfield tag="005">20160216</controlfield>
         <controlfield tag="008">160216n||az|||||||##########||||||||||||</controlfield>
         <datafield tag="040" ind1=" " ind2=" ">
            <subfield code="a">P-Mp</subfield>
         </datafield>
         <datafield tag="043" ind1=" " ind2=" ">
            <subfield code="c">XA-PT</subfield>
         </datafield>
         <datafield tag="110" ind1="2" ind2=" ">
            <subfield code="a">Palácio Nacional de Mafra, Biblioteca</subfield>
            <subfield code="c">Mafra</subfield>
            <subfield code="g">P-Mp</subfield>
         </datafield>
         <datafield tag="410" ind1="2" ind2=" ">
            <subfield code="a">Livraria do Convento de Mafra</subfield>
         </datafield>
         <datafield tag="622" ind1=" " ind2=" ">
            <subfield code="e">Palácio Nacional de Mafra, Biblioteca, Terreiro de João V, 2640 Mafra, Portugal</subfield>
         </datafield>
      </record>