
      <record>
         <leader>00000nz  a2200169   4500</leader>
         <controlfield tag="001">30077377</controlfield>
         <controlfield tag="003">RISM</controlfield>
         <controlfield tag="005">20160216</controlfield>
         <controlfield tag="008">160216n||az|||||||##########||||||||||||</controlfield>
         <datafield tag="040" ind1=" " ind2=" ">
            <subfield code="a">P-MRahm</subfield>
         </datafield>
         <datafield tag="043" ind1=" " ind2=" ">
            <subfield code="c">PT</subfield>
         </datafield>
         <datafield tag="110" ind1="2" ind2=" ">
            <subfield code="a">Arquivo Histórico Municipal</subfield>
            <subfield code="c">Moura</subfield>
            <subfield code="g">P-MRahm</subfield>
         </datafield>
         <datafield tag="622" ind1=" " ind2=" ">
            <subfield code="e">Arquivo Histórico Municipal, Biblioteca Municipal, Praça Sacadura Cabral, 7860-207 Moura, Portugal</subfield>
            <subfield code="u">http://moura.bibliopolis.info/BibliotecaMunicipal.aspx</subfield>
         </datafield>
      </record>