
      <record>
         <leader>00000nz  a2200169   4500</leader>
         <controlfield tag="001">30003137</controlfield>
         <controlfield tag="003">RISM</controlfield>
         <controlfield tag="005">20160216</controlfield>
         <controlfield tag="008">160216n||az|||||||##########||||||||||||</controlfield>
         <datafield tag="040" ind1=" " ind2=" ">
            <subfield code="a">P-Pa</subfield>
         </datafield>
         <datafield tag="043" ind1=" " ind2=" ">
            <subfield code="c">XA-PT</subfield>
         </datafield>
         <datafield tag="110" ind1="2" ind2=" ">
            <subfield code="a">Ateneu Comercial</subfield>
            <subfield code="c">Porto</subfield>
            <subfield code="g">P-Pa</subfield>
         </datafield>
         <datafield tag="622" ind1=" " ind2=" ">
            <subfield code="e">Ateneu Comercial, Rua Passos Manuel 44, 4100 Porto, Portugal</subfield>
         </datafield>
      </record>