
      <record>
         <leader>00000nz  a2200169   4500</leader>
         <controlfield tag="001">30004184</controlfield>
         <controlfield tag="003">RISM</controlfield>
         <controlfield tag="005">20160216</controlfield>
         <controlfield tag="008">160216n||az|||||||##########||||||||||||</controlfield>
         <datafield tag="040" ind1=" " ind2=" ">
            <subfield code="a">P-Pad</subfield>
         </datafield>
         <datafield tag="043" ind1=" " ind2=" ">
            <subfield code="c">XA-PT</subfield>
         </datafield>
         <datafield tag="110" ind1="2" ind2=" ">
            <subfield code="a">Arquivo Distrital</subfield>
            <subfield code="c">Porto</subfield>
            <subfield code="g">P-Pad</subfield>
         </datafield>
         <datafield tag="622" ind1=" " ind2=" ">
            <subfield code="e">Arquivo Distrital, Praça da República 38, Porto, Portugal</subfield>
         </datafield>
      </record>