
      <record>
         <leader>00000nz  a2200169   4500</leader>
         <controlfield tag="001">30003576</controlfield>
         <controlfield tag="003">RISM</controlfield>
         <controlfield tag="005">20160216</controlfield>
         <controlfield tag="008">160216n||az|||||||##########||||||||||||</controlfield>
         <datafield tag="040" ind1=" " ind2=" ">
            <subfield code="a">P-Peh</subfield>
         </datafield>
         <datafield tag="043" ind1=" " ind2=" ">
            <subfield code="c">XA-PT</subfield>
         </datafield>
         <datafield tag="110" ind1="2" ind2=" ">
            <subfield code="a">Museu de Etnografia e História</subfield>
            <subfield code="c">Porto</subfield>
            <subfield code="g">P-Peh</subfield>
         </datafield>
         <datafield tag="410" ind1="2" ind2=" ">
            <subfield code="a">Museu de Etnografia e História de Augusto César</subfield>
         </datafield>
         <datafield tag="622" ind1=" " ind2=" ">
            <subfield code="e">Museu de Etnografia e História, Largo de São João Novo, 4000 Porto, Portugal</subfield>
         </datafield>
      </record>