
      <record>
         <leader>00000nz  a2200169   4500</leader>
         <controlfield tag="001">30077388</controlfield>
         <controlfield tag="003">RISM</controlfield>
         <controlfield tag="005">20160216</controlfield>
         <controlfield tag="008">160216n||az|||||||##########||||||||||||</controlfield>
         <datafield tag="040" ind1=" " ind2=" ">
            <subfield code="a">P-PLam</subfield>
         </datafield>
         <datafield tag="043" ind1=" " ind2=" ">
            <subfield code="c">PT</subfield>
         </datafield>
         <datafield tag="110" ind1="2" ind2=" ">
            <subfield code="a">Arquivo Municipal</subfield>
            <subfield code="c">Ponte de Lima</subfield>
            <subfield code="g">P-PLam</subfield>
         </datafield>
         <datafield tag="622" ind1=" " ind2=" ">
            <subfield code="e">Arquivo Municipal, Largo Dr. António Magalhães, 4900-056  Ponte de Lima, Portugal</subfield>
            <subfield code="u">http://arquivo.cm-pontedelima.pt/index.php</subfield>
         </datafield>
      </record>