
      <record>
         <leader>00000nz  a2200169   4500</leader>
         <controlfield tag="001">30077379</controlfield>
         <controlfield tag="003">RISM</controlfield>
         <controlfield tag="005">20160216</controlfield>
         <controlfield tag="008">160216n||az|||||||##########||||||||||||</controlfield>
         <datafield tag="040" ind1=" " ind2=" ">
            <subfield code="a">P-PLmt</subfield>
         </datafield>
         <datafield tag="043" ind1=" " ind2=" ">
            <subfield code="c">PT</subfield>
         </datafield>
         <datafield tag="110" ind1="2" ind2=" ">
            <subfield code="a">Museu dos Terceiros</subfield>
            <subfield code="c">Ponte de Lima</subfield>
            <subfield code="g">P-PLmt</subfield>
         </datafield>
         <datafield tag="622" ind1=" " ind2=" ">
            <subfield code="e">Museu dos Terceiros, Av. 5 de Outubro, 4990-028  Ponte de Lima, Portugal</subfield>
            <subfield code="u">http://www.museudosterceiros.com/</subfield>
         </datafield>
      </record>