
      <record>
         <leader>00000nz  a2200169   4500</leader>
         <controlfield tag="001">30002065</controlfield>
         <controlfield tag="003">RISM</controlfield>
         <controlfield tag="005">20160216</controlfield>
         <controlfield tag="008">160216n||az|||||||##########||||||||||||</controlfield>
         <datafield tag="040" ind1=" " ind2=" ">
            <subfield code="a">P-PO</subfield>
         </datafield>
         <datafield tag="043" ind1=" " ind2=" ">
            <subfield code="c">XA-PT</subfield>
         </datafield>
         <datafield tag="110" ind1="2" ind2=" ">
            <subfield code="a">Arquivo da Sé</subfield>
            <subfield code="c">Portalegre</subfield>
            <subfield code="g">P-PO</subfield>
         </datafield>
         <datafield tag="622" ind1=" " ind2=" ">
            <subfield code="e">Arquivo da Sé, Largo da Sé, 7300 Portalegre, Portugal</subfield>
         </datafield>
      </record>