
      <record>
         <leader>00000nz  a2200169   4500</leader>
         <controlfield tag="001">30077378</controlfield>
         <controlfield tag="003">RISM</controlfield>
         <controlfield tag="005">20160216</controlfield>
         <controlfield tag="008">160216n||az|||||||##########||||||||||||</controlfield>
         <datafield tag="040" ind1=" " ind2=" ">
            <subfield code="a">P-PVam</subfield>
         </datafield>
         <datafield tag="043" ind1=" " ind2=" ">
            <subfield code="c">PT</subfield>
         </datafield>
         <datafield tag="110" ind1="2" ind2=" ">
            <subfield code="a">Arquivo Municipal</subfield>
            <subfield code="c">Póvoa de Varzim</subfield>
            <subfield code="g">P-PVam</subfield>
         </datafield>
         <datafield tag="622" ind1=" " ind2=" ">
            <subfield code="e">Arquivo Municipal, Rua do Visconde de Azevedo, 4490-589  Póvoa de Varzim, Portugal</subfield>
            <subfield code="u">http://arquivomunpvarzim.web.simplesnet.pt/</subfield>
         </datafield>
      </record>