
      <record>
         <leader>00000nz  a2200169   4500</leader>
         <controlfield tag="001">30078902</controlfield>
         <controlfield tag="003">RISM</controlfield>
         <controlfield tag="005">20160216</controlfield>
         <controlfield tag="008">160216n||az|||||||##########||||||||||||</controlfield>
         <datafield tag="040" ind1=" " ind2=" ">
            <subfield code="a">P-SAscm</subfield>
         </datafield>
         <datafield tag="043" ind1=" " ind2=" ">
            <subfield code="c">PT</subfield>
         </datafield>
         <datafield tag="110" ind1="2" ind2=" ">
            <subfield code="a">Santa Casa da Misericórdia, Arquivo</subfield>
            <subfield code="c">Santarém</subfield>
            <subfield code="g">P-SAscm</subfield>
         </datafield>
         <datafield tag="622" ind1=" " ind2=" ">
            <subfield code="e">Santa Casa da Misericórdia, Arquivo, Largo Cândido dos Reis, Apartado 23, 2001-901 Santarém, Portugal</subfield>
            <subfield code="u">http://www.scms.pt/</subfield>
         </datafield>
      </record>