
      <record>
         <leader>00000nz  a2200169   4500</leader>
         <controlfield tag="001">30077380</controlfield>
         <controlfield tag="003">RISM</controlfield>
         <controlfield tag="005">20160216</controlfield>
         <controlfield tag="008">160216n||az|||||||##########||||||||||||</controlfield>
         <datafield tag="040" ind1=" " ind2=" ">
            <subfield code="a">P-Tcc</subfield>
         </datafield>
         <datafield tag="043" ind1=" " ind2=" ">
            <subfield code="c">PT</subfield>
         </datafield>
         <datafield tag="110" ind1="2" ind2=" ">
            <subfield code="a">Convento de Cristo</subfield>
            <subfield code="c">Tomar</subfield>
            <subfield code="g">P-Tcc</subfield>
         </datafield>
         <datafield tag="622" ind1=" " ind2=" ">
            <subfield code="e">Convento de Cristo, Igreja do Castelo Templário, 2300-000 Tomar, Portugal</subfield>
            <subfield code="u">http://www.conventocristo.pt/pt/index.php</subfield>
         </datafield>
      </record>