
      <record>
         <leader>00000nz  a2200169   4500</leader>
         <controlfield tag="001">30077381</controlfield>
         <controlfield tag="003">RISM</controlfield>
         <controlfield tag="005">20160216</controlfield>
         <controlfield tag="008">160216n||az|||||||##########||||||||||||</controlfield>
         <datafield tag="040" ind1=" " ind2=" ">
            <subfield code="a">P-VAam</subfield>
         </datafield>
         <datafield tag="043" ind1=" " ind2=" ">
            <subfield code="c">PT</subfield>
         </datafield>
         <datafield tag="110" ind1="2" ind2=" ">
            <subfield code="a">Arquivo Municipal</subfield>
            <subfield code="c">Valença</subfield>
            <subfield code="g">P-VAam</subfield>
         </datafield>
         <datafield tag="622" ind1=" " ind2=" ">
            <subfield code="e">Arquivo Municipal, Casa das Varandas, Rua da Trindade, 4930-745  Valença, Portugal</subfield>
            <subfield code="u">http://www.cm-valenca.pt/portal/page/valenca/portal_municipal/orgaos_autarquicos/assembleia_municipal/Contactos_horarios</subfield>
         </datafield>
      </record>