
      <record>
         <leader>00000nz  a2200169   4500</leader>
         <controlfield tag="001">30077382</controlfield>
         <controlfield tag="003">RISM</controlfield>
         <controlfield tag="005">20160216</controlfield>
         <controlfield tag="008">160216n||az|||||||##########||||||||||||</controlfield>
         <datafield tag="040" ind1=" " ind2=" ">
            <subfield code="a">P-VCam</subfield>
         </datafield>
         <datafield tag="043" ind1=" " ind2=" ">
            <subfield code="c">PT</subfield>
         </datafield>
         <datafield tag="110" ind1="2" ind2=" ">
            <subfield code="a">Arquivo Municipal</subfield>
            <subfield code="c">Viana do Castelo</subfield>
            <subfield code="g">P-VCam</subfield>
         </datafield>
         <datafield tag="622" ind1=" " ind2=" ">
            <subfield code="e">Arquivo Municipal, Câmara Municipal, Passeio das Mordomas da Romaria, 4901-871  Viana do Castelo, Portugal</subfield>
            <subfield code="u">http://www.cm-viana-castelo.pt/index.php?option=com_content&amp;do_pdf=1&amp;id=174</subfield>
         </datafield>
      </record>