
      <record>
         <leader>00000nz  a2200169   4500</leader>
         <controlfield tag="001">30077385</controlfield>
         <controlfield tag="003">RISM</controlfield>
         <controlfield tag="005">20160216</controlfield>
         <controlfield tag="008">160216n||az|||||||##########||||||||||||</controlfield>
         <datafield tag="040" ind1=" " ind2=" ">
            <subfield code="a">P-VNCam</subfield>
         </datafield>
         <datafield tag="043" ind1=" " ind2=" ">
            <subfield code="c">PT</subfield>
         </datafield>
         <datafield tag="110" ind1="2" ind2=" ">
            <subfield code="a">Arquivo Municipal</subfield>
            <subfield code="c">Vila Nova de Cerveira</subfield>
            <subfield code="g">P-VNCam</subfield>
         </datafield>
         <datafield tag="622" ind1=" " ind2=" ">
            <subfield code="e">Arquivo Municipal, Paços do Concelho, 4920-001  Vila Nova de Cerveira, Portugal</subfield>
            <subfield code="u">http://www.cm-vncerveira.pt/portal/page/vilanovadecerveira/portal_municipal/Cultura/arquivo_municipal</subfield>
         </datafield>
      </record>