
      <record>
         <leader>00000nz  a2200169   4500</leader>
         <controlfield tag="001">30002067</controlfield>
         <controlfield tag="003">RISM</controlfield>
         <controlfield tag="005">20160216</controlfield>
         <controlfield tag="008">160216n||az|||||||##########||||||||||||</controlfield>
         <datafield tag="040" ind1=" " ind2=" ">
            <subfield code="a">P-VV</subfield>
         </datafield>
         <datafield tag="043" ind1=" " ind2=" ">
            <subfield code="c">XA-PT</subfield>
         </datafield>
         <datafield tag="110" ind1="2" ind2=" ">
            <subfield code="a">Biblioteca do Palácio Real</subfield>
            <subfield code="c">Vila Viçosa</subfield>
            <subfield code="g">P-VV</subfield>
         </datafield>
         <datafield tag="410" ind1="2" ind2=" ">
            <subfield code="a">Biblioteca do Palácio Ducal</subfield>
         </datafield>
         <datafield tag="410" ind1="2" ind2=" ">
            <subfield code="a">Casa de Bragança, Museu-Biblioteca</subfield>
         </datafield>
         <datafield tag="622" ind1=" " ind2=" ">
            <subfield code="e">Biblioteca do Palácio Real, Palácio Real de Vila Viçosa, 7160 Vila Viçosa, Portugal</subfield>
         </datafield>
      </record>
   </collection>
 
